@ABNT-options{minhasopcoes,
    abnt-full-initials="yes",
    abnt-emphasize="\textbf",
    abnt-repeated-author-omit="yes",
    key={aaaaaaa}
}